
@article{halder2007entangling,
  title={Entangling independent photons by time measurement},
  author={Halder, M and Beveratos, A and Gisin, N and Thew, RT and Zbinden, H and Perrenoud, S},
  journal={Nature Physics},
  volume={3},
  number={10},
  pages={692--695},
  year={2007},
  publisher={Nature Publishing Group},
  doi={10.1038/nphys700}
}

@article{pan2012multiphoton,
  title={Multiphoton entanglement and interferometry},
  author={Pan, Jian-Wei and Chen, Zeng-Bing and Lu, Chao-Yang and Weinfurter, Harald and Zeilinger, Anton and \.{Z}ukowski, Marek},
  journal={Reviews of Modern Physics},
  volume={84},
  number={2},
  pages={777},
  year={2012},
  publisher={APS},
  doi={10.1103/RevModPhys.84.777}
}

@article{montaut2025progress,
  title={Progress in time-bin-based quantum information processing},
  author={Montaut, Nico and et al.},
  journal={Frontiers in Optics and Technology},
  year={2025},
  note={In press},
  url={https://www.frontiersin.org/articles/10.3389/aot.2025.1560084/full}
}

@phdthesis{bennet2015optical,
  title={Optical experiments on shared quantum correlations},
  author={Bennet, Adam John},
  school={Griffith University},
  year={2015},
  url={https://research-repository.griffith.edu.au/bitstreams/9d693d40-6263-5539-956e-a0e3187038ab/download}
}

@article{vasan2024control,
  title={Control Protocol for Entangled Pair Verification},
  author={Vasan, R and others},
  journal={arXiv preprint},
  year={2024},
  eprint={2411.07410},
  archivePrefix={arXiv},
  primaryClass={quant-ph},
  url={https://arxiv.org/abs/2411.07410}
}


@article{CHSH1969,
  author  = {Clauser, John F. and Horne, Michael A. and Shimony, Abner and Holt, Richard A.},
  title   = {Proposed Experiment to Test Local Hidden-Variable Theories},
  journal = {Physical Review Letters},
  year    = {1969},
  volume  = {23},
  pages   = {880--884},
  doi     = {10.1103/PhysRevLett.23.880}
}

@article{Eberhard1993,
  author  = {Eberhard, Philippe H.},
  title   = {Background level and counter efficiencies required for a loophole-free {E}instein--{P}odolsky--{R}osen experiment},
  journal = {Physical Review A},
  year    = {1993},
  volume  = {47},
  number  = {2},
  pages   = {R747--R750},
  doi     = {10.1103/PhysRevA.47.R747}
}

@article{Eberhard1978,
  author  = {Eberhard, Philippe H.},
  title   = {Bell's theorem and the different concepts of locality},
  journal = {Il Nuovo Cimento B},
  year    = {1978},
  volume  = {46},
  pages   = {392--419}
}

@article{Giustina2015,
  author  = {Giustina, Marissa and Versteegh, Marijn A. M. and Wengerowsky, S\"oren and Handsteiner, Johannes and Hochrainer, Armin and Phelan, Kevin and Steinlechner, Fabian and Kofler, Johannes and Larsson, Jan-\AA{}ke and Abell\'an, Carlos and Mitchell, Morgan W. and Beyer, J\"urgen and Gerrits, Thomas and Lita, Adriana E. and Shalm, Lynden K. and Nam, Sae Woo and Scheidl, Thomas and Ursin, Rupert and Wittmann, Bernhard and Zeilinger, Anton},
  title   = {Significant-Loophole-Free Test of {B}ell's Theorem with Entangled Photons},
  journal = {Physical Review Letters},
  year    = {2015},
  volume  = {115},
  pages   = {250401},
  doi     = {10.1103/PhysRevLett.115.250401}
}

@article{Shalm2015,
  author  = {Shalm, Lynden K. and Meyer-Scott, Evan and Christensen, Bradley G. and Bierhorst, Peter and Wayne, Michael A. and Stevens, Martin J. and Gerrits, Thomas and Glancy, Scott and Hamel, David R. and Allman, Michael S. and Coakley, Kevin J. and Dyer, Stephen D. and Hodge, Carsten and Lita, Adriana E. and Verma, Varun B. and Lambrocco, Christopher and Tortorici, Elizabeth and Migdall, Alan L. and Zhang, Yanbao and Kumor, Daniel R. and Farr, Wesley H. and Marsili, Francesco and Shaw, Matthew D. and Stern, Jonathan A. and Abell\'an, Carlos and Amaya, Waldimar and Pruneri, Valerio and Jennewein, Thomas and Mitchell, Morgan W. and Kwiat, Paul G. and Bienfang, Joshua C. and Mirin, Richard P. and Knill, Emanuel and Nam, Sae Woo},
  title   = {Strong Loophole-Free Test of Local Realism},
  journal = {Physical Review Letters},
  year    = {2015},
  volume  = {115},
  pages   = {250402},
  doi     = {10.1103/PhysRevLett.115.250402}
}

@article{Hensen2015,
  author  = {Hensen, B. and Bernien, H. and Dr{\'e}au, A. E. and Reiserer, A. and Kalb, N. and Blok, M. S. and Ruitenberg, J. and Vermeulen, R. F. L. and Schouten, R. N. and Abell{\'a}n, C. and Amaya, W. and Pruneri, V. and Mitchell, M. W. and Markham, M. and Twitchen, D. J. and Elkouss, D. and Wehner, S. and Taminiau, T. H. and Hanson, R.},
  title   = {Loophole-free {B}ell inequality violation using electron spins separated by 1.3 kilometres},
  journal = {Nature},
  year    = {2015},
  volume  = {526},
  pages   = {682--686},
  doi     = {10.1038/nature15759}
}

@article{Vedovato2018,
  author  = {Vedovato, F. and Agnesi, C. and Tomasin, M. and Marangon, D. G. and Vallone, G. and Villoresi, P.},
  title   = {Postselection-Loophole-Free Bell Violation with Genuine Time-Bin Entanglement},
  journal = {Physical Review Letters},
  year    = {2018},
  volume  = {121},
  pages   = {190401},
  doi     = {10.1103/PhysRevLett.121.190401}
}

@article{Yin2017,
  author  = {Yin, Juan and Cao, Yuan and Li, Yu-Huai and Ren, Ji-Gang and Liao, Sheng-Kai and Zhang, Liang and Cai, Wen-Qi and Liu, Wei-Yue and Li, Bo and Dai, Hong and Li, Guang-Bing and Liao, Qiang and Tang, Yan and Li, Yao and Yin, Hui-Lei and Han, Yang and Yao, Yu-Ye and Li, Ji-Jun and Jia, Jia-Jun and Ren, Guan-Jie and He, Dong and Zhou, Yi-Lin and Zhang, Xiao-Fan and Wang, Na and Chang, Xiao and Chen, Zeng-Bing and Pan, Jian-Wei},
  title   = {Satellite-based entanglement distribution over 1200 kilometers},
  journal = {Science},
  year    = {2017},
  volume  = {356},
  pages   = {1140--1144},
  doi     = {10.1126/science.aan3211}
}

@article{HongMandel1987,
  author  = {Hong, C. K. and Ou, Z. Y. and Mandel, L.},
  title   = {Measurement of subpicosecond time intervals between two photons by interference},
  journal = {Physical Review Letters},
  year    = {1987},
  volume  = {59},
  pages   = {2044--2046},
  doi     = {10.1103/PhysRevLett.59.2044}
}

@book{Siegman1986,
  author    = {Siegman, Anthony E.},
  title     = {Lasers},
  year      = {1986},
  publisher = {University Science Books},
  address   = {Mill Valley, CA}
}

@book{TownesSchawlow1955,
  author    = {Townes, Charles H. and Schawlow, Arthur L.},
  title     = {Microwave Spectroscopy},
  year      = {1955},
  publisher = {McGraw--Hill},
  address   = {New York}
}

@article{Ursin2007,
  title={Entanglement-based quantum communication over 144 km},
  author={Ursin, Rupert and et al.},
  journal={Nature Physics},
  volume={3},
  pages={481--486},
  year={2007},
  doi={10.1038/nphys629}
}
